
%%%%%%%%%%%%%%%%%%%%%%%%%%%%%%%%%%%%%%%%%%%%%%%%%%%%%%%%%%%%%

@article{jordan1958mean,
  title={Mean soundings for the West Indies area},
  author={Jordan, Charles L},
  journal={Journal of Meteorology},
  volume={15},
  number={1},
  pages={91--97},
  year={1958}
}

@article{reed2011assessing,
   author = {K. A. Reed and C. Jablonowski},
    title = "{Assessing the Uncertainty of Tropical Cyclone Simulations in {NCAR's Community Atmosphere Model}}",
  journal = {J. Adv. Model. Earth Syst.},
     year = 2011,
     volume = 3,
     pages = {Art. 2011MS000076, 16 pp.}
}

@ARTICLE{reed2011analytic,
   author = {K. A. Reed and C. Jablonowski},
    title = "{An analytic vortex initialization technique for idealized tropical cyclone studies in {AGCMs}}",
  journal = {Mon. Wea. Rev.},
     year = 2011,
   volume = 139,
    pages = {689--710}
}

@ARTICLE{reed2011impact,
   author = {K. A. Reed and C. Jablonowski},
    title = "{Impact of physical parameterizations on idealized tropical cyclones in the {C}ommunity {A}tmosphere {M}odel}",
  journal = {Geophys. Res. Lett.},
     year = 2011,
   volume = 38,
    pages = {L04805},
    doi = {10.1029/2010GL046297}
}

@article{reed2012idealized,
   author = {K. A. Reed and C. Jablonowski},
    title = "{Idealized tropical cyclone simulations of intermediate complexity: a test case for {AGCMs}}",
    journal = {J. Adv. Model. Earth Syst.},
    year = 2012,
    volume = 4,
    pages = "M04001", 
    doi = {10.1029/2011MS000099}
}

@article{nair2008moving,
  title={Moving vortices on the sphere: A test case for horizontal advection problems},
  author={Nair, Ramachandran D and Jablonowski, Christiane},
  journal={Monthly Weather Review},
  volume={136},
  number={2},
  pages={699--711},
  year={2008}
}

